% This file was created with JabRef 2.10.
% Encoding: UTF-8

@misc{MediaPipeHands,
  author       = {{MediaPipe Read the Docs}}, 
  title        = {{MediaPipe Hands}},
  howpublished = {\url{https://mediapipe.readthedocs.io/en/latest/solutions/hands.html}},
  note         = {Accessed: Jun. 9, 2025}
}

@misc{MediaPipeGuide,
  author       = {Syed Abdul Gaffar}, 
  title        = {Building a Hand Tracking System using OpenCV},
published={2021},
  howpublished = {\url{https://www.analyticsvidhya.com/blog/2021/07/building-a-hand-tracking-system-using-opencv/}},
  note         = {Accessed: Jun. 9, 2025}
}